
@article{arvela1990mobile,
  title={Mobile survey of environmental gamma radiation and fall-out levels in Finland after the Chernobyl accident},
  author={Arvela, H. and Markkanen, M. and Lemmel{\"a}, H.},
  journal={Radiation protection dosimetry},
  volume={32},
  number={3},
  pages={177--184},
  year={1990},
  publisher={NTP}
}
